@manual{MKL-MIC,
	title		= "Intel MKL Resource",
	author		= " Noah Clemons",
	organization	= "Intel",
	address	= "https://software.intel.com/en-us/articles/recommendations-to-choose-the-right-mkl-usage-model-for-xeon-phi",
	%edition	= "",
	year		= "2013",
	month		= "March",
	%note		= "",
}

@manual{paraMKL,
	title		= "parallelism in MKL",
	author		= "Intel",
	%organization	= "Intel",
	address	= "https://software.intel.com/en-us/articles/parallelism-in-the-intel-math-kernel-library",
	%edition	= "",
	%year		= "2013",
	%month		= "March",
	%note		= "",
}
